<?xml version="1.0" encoding="utf-8"?>
<record xmlns="http://www.loc.gov/MARC21/slim" xmlns:xsi="http://www.w3.org/2001/XMLSchema-instance" xsi:schemaLocation="http://www.loc.gov/MARC21/slim http://www.loc.gov/standards/marcxml/schema/MARC21slim.xsd">
	<leader>     nam a22        4500</leader>
	<controlfield tag="001">b1264903x</controlfield>
	<controlfield tag="003">LeBAU</controlfield>
	<controlfield tag="006">m        d        </controlfield>
	<controlfield tag="007">cr cn |||m|||a</controlfield>
	<controlfield tag="008">171025s1912    ti acf  o     ||0 0 ara d</controlfield>
	<datafield ind1=" " ind2=" " tag="040">
		<subfield code="a">NNU</subfield>
		<subfield code="b">ara</subfield>
		<subfield code="e">rda</subfield>
		<subfield code="c">NNU</subfield>
	</datafield>
	<datafield ind1=" " ind2="4" tag="050">
		<subfield code="a">DT257</subfield>
		<subfield code="b">.I36 1912</subfield>
	</datafield>
	<datafield ind1="0" ind2="4" tag="082">
		<subfield code="a">916.11</subfield>
		<subfield code="2">20</subfield>
	</datafield>
	<datafield ind1="1" ind2=" " tag="100">
		<subfield code="6">880-01</subfield>
		<subfield code="a">Ibn al-Khūjah, Muḥammad,</subfield>
		<subfield code="d">1869-1942,</subfield>
		<subfield code="e">author.</subfield>
	</datafield>
	<datafield ind1="1" ind2="3" tag="245">
		<subfield code="6">880-02</subfield>
		<subfield code="a">al-Riḥlah al-Falliyārīyah bi-al-mamlakah al-Tūnisīyah /</subfield>
		<subfield code="c">ta’līf al-fāḍil al-naḥrīr, al-kātib al-shahīr, wārith al-majd al-‘ilmī al-mutasalsil min kabīr li-kabīr, al-adīb al-mutaḥallī min al-kamālāt bi-kathīr, al-Sayyid Muḥammad ibn al-Khūjah ra’īs qism al-muḥāsabah bi-al-dawlah al-Tūnisīyah, wa-ustādh al-durūs al-‘āliyah bi-madrasat al-Tarjamah lil-‘Arabīyah.</subfield>
	</datafield>
	<datafield ind1=" " ind2="1" tag="264">
		<subfield code="6">880-03</subfield>
		<subfield code="a">Tūnis :</subfield>
		<subfield code="b">al-Maṭbaʻah al-Rasmīyah al-‘Arabīyah,</subfield>
		<subfield code="c">1330 [H.] = 1912 [M.]</subfield>
	</datafield>
	<datafield ind1=" " ind2=" " tag="300">
		<subfield code="6">880-04</subfield>
		<subfield code="a">online resource (10, 300 pages) :</subfield>
		<subfield code="b">illustrations, portraits (some folded)</subfield>
	</datafield>
	<datafield ind1=" " ind2=" " tag="336">
		<subfield code="a">text</subfield>
		<subfield code="2">rdacontent</subfield>
	</datafield>
	<datafield ind1=" " ind2=" " tag="337">
		<subfield code="a">computer</subfield>
		<subfield code="2">rdamedia</subfield>
	</datafield>
	<datafield ind1=" " ind2=" " tag="338">
		<subfield code="a">online resource</subfield>
		<subfield code="2">rdacarrier</subfield>
	</datafield>
	<datafield ind1=" " ind2=" " tag="500">
		<subfield code="a">Part of the Arabic Collections Online (ACO) project, contributed by American University of Beirut's Jafet Memorial Library.</subfield>
	</datafield>
	<datafield ind1=" " ind2=" " tag="533">
		<subfield code="a">Electronic reproduction.</subfield>
		<subfield code="b">New York, N.Y. :</subfield>
		<subfield code="c">New York University,</subfield>
		<subfield code="d">2017.</subfield>
		<subfield code="5">NNU</subfield>
	</datafield>
	<datafield ind1="1" ind2="0" tag="600">
		<subfield code="6">880-05</subfield>
		<subfield code="a">Fallières, Armand,</subfield>
		<subfield code="d">1841-1931</subfield>
		<subfield code="x">Travels.</subfield>
	</datafield>
	<datafield ind1=" " ind2="0" tag="650">
		<subfield code="6">880-06</subfield>
		<subfield code="a">Visits of state</subfield>
		<subfield code="z">Tunisia.</subfield>
	</datafield>
	<datafield ind1=" " ind2="0" tag="651">
		<subfield code="6">880-07</subfield>
		<subfield code="a">Tunisia</subfield>
		<subfield code="x">Foreign relations</subfield>
		<subfield code="z">France.</subfield>
	</datafield>
	<datafield ind1=" " ind2="0" tag="651">
		<subfield code="6">880-08</subfield>
		<subfield code="a">France</subfield>
		<subfield code="x">Foreign relations</subfield>
		<subfield code="z">Tunisia.</subfield>
	</datafield>
	<datafield ind1=" " ind2="0" tag="651">
		<subfield code="6">880-09</subfield>
		<subfield code="a">Tunisia</subfield>
		<subfield code="x">Foreign relations</subfield>
		<subfield code="z">France.</subfield>
	</datafield>
	<datafield ind1="2" ind2=" " tag="710">
		<subfield code="a">Jafet Memorial Library.</subfield>
	</datafield>
	<datafield ind1="0" ind2=" " tag="730">
		<subfield code="a">Arabic Collections Online.</subfield>
	</datafield>
	<datafield ind1="0" ind2="8" tag="776">
		<subfield code="i">Print version:</subfield>
		<subfield code="a">Ibn al-Khūjah, Muḥammad, 1869-1942, author.</subfield>
		<subfield code="t">al-Riḥlah al-Falliyārīyah bi-al-mamlakah al-Tūnisīyah</subfield>
		<subfield code="w">(LeBAU)b1264903x</subfield>
	</datafield>
	<datafield ind1="4" ind2="0" tag="856">
		<subfield code="u">http://hdl.handle.net/2333.1/t1g1k340</subfield>
	</datafield>
	<datafield ind1="1" ind2=" " tag="880">
		<subfield code="6">100-01/r</subfield>
		<subfield code="a">إبن الخوجة، محمد،‪‪‪‪‪‪‪‪‪</subfield>
		<subfield code="d">1869-1942،</subfield>
		<subfield code="e">مؤلف.‪‪‪‪‪‪‪‪‪</subfield>
		<subfield code="4">aut.</subfield>
	</datafield>
	<datafield ind1="1" ind2="2" tag="880">
		<subfield code="6">245-02/r</subfield>
		<subfield code="a">الرحلة الفليارية بالمملكة التونسية /‪‪‪‪‪‪‪‪‪</subfield>
		<subfield code="c">تأليف الفاضل النحرير، الكاتب الشهير، وارث المجد العلمي المتسلسل من كبير لكبير، الأديب المتحلي من الكمالات بكثير، السيد محمد بن الخوجة، رئيس قسم المحاسبة بالدولة التونسية، وأستاذ الدروس العالية بمدرسة الترجمة للعربية.‪‪‪‪‪‪‪‪‪</subfield>
	</datafield>
	<datafield ind1=" " ind2="1" tag="880">
		<subfield code="6">264-03/r</subfield>
		<subfield code="a">تونس :‪‪‪‪‪‪‪‪‪</subfield>
		<subfield code="b">المطبعة الرسمية العربية،‪‪‪‪‪‪‪‪‪</subfield>
		<subfield code="c">1330 [هـ.] = 1912 [م.]‪‪‪‪‪‪‪‪‪</subfield>
	</datafield>
	<datafield ind1=" " ind2=" " tag="880">
		<subfield code="6">300-04/r</subfield>
		<subfield code="a">10، 300 صفحة :‪‪‪‪‪‪‪‪‪</subfield>
		<subfield code="b">مصورات، صور شخصانية (بعضها مطوي) ؛‪‪‪‪‪‪‪‪‪</subfield>
		<subfield code="c">25 سم‪‪‪‪‪‪‪‪‪</subfield>
	</datafield>
	<datafield ind1="1" ind2="4" tag="880">
		<subfield code="6">600-05/r</subfield>
		<subfield code="a">فليار، ارماند،‪‪‪‪‪‪‪‪‪</subfield>
		<subfield code="d">1841-1931</subfield>
		<subfield code="x">رحلات.‪‪‪‪‪‪‪‪‪</subfield>
	</datafield>
	<datafield ind1=" " ind2="4" tag="880">
		<subfield code="6">650-06/r</subfield>
		<subfield code="a">زيارات الدولة‪‪‪‪‪‪‪‪‪</subfield>
		<subfield code="z">تونس.‪‪‪‪‪‪‪‪‪</subfield>
	</datafield>
	<datafield ind1=" " ind2="4" tag="880">
		<subfield code="6">651-07/r</subfield>
		<subfield code="a">تونس‪‪‪‪‪‪‪‪‪</subfield>
		<subfield code="x">العلاقات الخارجية‪‪‪‪‪‪‪‪‪</subfield>
		<subfield code="z">فرنسا.‪‪‪‪‪‪‪‪‪</subfield>
	</datafield>
	<datafield ind1=" " ind2="4" tag="880">
		<subfield code="6">651-08/r</subfield>
		<subfield code="a">فرنسا‪‪‪‪‪‪‪‪‪</subfield>
		<subfield code="x">العلاقات الخارجية‪‪‪‪‪‪‪‪‪</subfield>
		<subfield code="z">تونس.‪‪‪‪‪‪‪‪‪</subfield>
	</datafield>
	<datafield ind1=" " ind2="4" tag="880">
		<subfield code="6">651-09/r</subfield>
		<subfield code="a">تونس‪‪‪‪‪‪‪‪‪</subfield>
		<subfield code="x">وصف ورحلات.‪‪‪‪‪‪‪‪‪</subfield>
	</datafield>
	<datafield ind1=" " ind2=" " tag="959">
		<subfield code="a">NNU</subfield>
		<subfield code="b">WEB</subfield>
		<subfield code="c">GENI</subfield>
		<subfield code="t">0</subfield>
		<subfield code="m">Electronic access</subfield>
		<subfield code="s">01</subfield>
	</datafield>
	<datafield ind1=" " ind2=" " tag="999">
		<subfield code="i">LeBAU_b1264903x</subfield>
		<subfield code="s">aub_aco001372</subfield>
		<subfield code="e">(ERROR-880)</subfield>
		<subfield code="s">aub_aco001372</subfield>
	</datafield>
</record>
